@article{Parzuchowski:2016njm,
      author         = "Parzuchowski, N. M. and Morris, T. D. and Bogner, S. K.",
      title          = "{Ab Initio Excited States from the In-Medium Similarity
                        Renormalization Group}",
      year           = "2016",
      journal         = "arXiv:1611.00661",
      archivePrefix  = "arXiv",
      primaryClass   = "nucl-th",
      SLACcitation   = "%%CITATION = ARXIV:1611.00661;%%"
}

@article{Stroberg:2016ung,
      author         = "Stroberg, S. R. and Calci, A. and Hergert, H. and Holt,
                        J. D. and Bogner, S. K. and Roth, R. and Schwenk, A.",
      title          = "{A nucleus-dependent valence-space approach to nuclear
                        structure}",
      year           = "2016",
      journal         = "arXiv:1607.03229",
      archivePrefix  = "arXiv",
      primaryClass   = "nucl-th",
      SLACcitation   = "%%CITATION = ARXIV:1607.03229;%%"
}

@article{Hergert:2015awm,
      author         = "Hergert, H. and Bogner, S. K. and Morris, T. D. and
                        Schwenk, A. and Tsukiyama, K.",
      title          = "{The In-Medium Similarity Renormalization Group: A Novel
                        Ab Initio Method for Nuclei}",
      journal        = "Phys. Rep.",
      volume         = "621",
      year           = "2016",
      pages          = "165",
      OPTdoi            = "10.1016/j.physrep.2015.12.007",
      eprint         = "1512.06956",
      archivePrefix  = "arXiv",
      primaryClass   = "nucl-th",
      SLACcitation   = "%%CITATION = ARXIV:1512.06956;%%"
}

@article{Stroberg:2015ymf,
      author         = "Stroberg, S. R. and Hergert, H. and Holt, J. D. and
                        Bogner, S. K. and Schwenk, A.",
      title          = "{Ground and excited states of doubly open-shell nuclei
                        from ab initio valence-space Hamiltonians}",
      journal        = "Phys. Rev.",
      volume         = "C93",
      year           = "2016",
      pages          = "051301",
      OPTdoi            = "10.1103/PhysRevC.93.051301",
      eprint         = "1511.02802",
      archivePrefix  = "arXiv",
      primaryClass   = "nucl-th",
      SLACcitation   = "%%CITATION = ARXIV:1511.02802;%%"
}

@article{Morris:2015ve,     
      author         = "Morris, T. D. and Parzuchowski, N. and Bogner, S. K.",
      title          = "{Magnus expansion and in-medium similarity
                        renormalization group}",
      journal        = "Phys. Rev.",
      volume         = "C92",
      year           = "2015",
      pages          = "034331",
      OPTdoi            = "10.1103/PhysRevC.92.034331",
      eprint         = "1507.06725",
      archivePrefix  = "arXiv",
      primaryClass   = "nucl-th",
      SLACcitation   = "%%CITATION = ARXIV:1507.06725;%%"
}

@article{Caceres:2015fk,  
      author         = "Caceres, L. and others",
      title          = "{Nuclear structure studies of $^{24}$F}",
      journal        = "Phys. Rev.",
      volume         = "C92",
      year           = "2015",
      OPTnumber         = "1",
      pages          = "014327",
      OPTdoi            = "10.1103/PhysRevC.92.014327",
      eprint         = "1501.01166",
      archivePrefix  = "arXiv",
      primaryClass   = "nucl-ex",
      reportOPTnumber   = "GANIL-P-2015-01",
      SLACcitation   = "%%CITATION = ARXIV:1501.01166;%%"
}

@article{Morris:2014bwa,
      author         = "Morris, T. D. and Bogner, S. K.",
      title          = "{The Magnus expansion and the in-medium similarity
                        renormalization group}",
      booktitle      = "{Proceedings, 4th Conference on Nuclei and Mesoscopic
                        Physics (NMP14): East Lansing, Michigan, May 5-9, 2014}",
      journal        = "AIP Conf. Proc.",
      volume         = "1619",
      year           = "2014",
      pages          = "117-125",
      OPTdoi            = "10.1063/1.4899225",
      SLACcitation   = "%%CITATION = APCPC,1619,117;%%"
}


%%% contains utf-8, see: http://inspirehep.net/info/faq/general#utf8
%%% add \usepackage[utf8]{inputenc} to your latex preamble

@article{Konig:2014hma,
      author         = "K{\"o}nig, S. and Bogner, S. K. and Furnstahl, R. J. and
                        More, S. N. and Papenbrock, T.",
      title          = "{Ultraviolet extrapolations in finite oscillator bases}",
      journal        = "Phys. Rev.",
      volume         = "C90",
      year           = "2014",
      pages          = "064007",
      OPTdoi            = "10.1103/PhysRevC.90.064007",
      eprint         = "1409.5997",
      archivePrefix  = "arXiv",
      primaryClass   = "nucl-th",
      SLACcitation   = "%%CITATION = ARXIV:1409.5997;%%"
}

@article{Hergert:2014vn, 
      author         = "Hergert, H. and Bogner, S. K. and Morris, T. D. and
                        Binder, S. and Calci, A. and Langhammer, J. and Roth, R.",
      title          = "{Ab initio multireference in-medium similarity
                        renormalization group calculations of even calcium and
                        nickel isotopes}",
      journal        = "Phys. Rev.",
      volume         = "C90",
      year           = "2014",
      pages          = "041302",
      OPTdoi            = "10.1103/PhysRevC.90.041302",
      eprint         = "1408.6555",
      archivePrefix  = "arXiv",
      primaryClass   = "nucl-th",
      SLACcitation   = "%%CITATION = ARXIV:1408.6555;%%"
}

@article{Shirokov:2014kqa,
      author         = "Shirokov, A. M. and Negoita, A. G. and Vary, J. P. and
                        Bogner, S. K. and Mazur, A. I. and Mazur, E. A. and Gogny,
                        D.",
      title          = "{Properties of nuclear matter within the JISP16 $NN$
                        interaction}",
      journal        = "Phys. Rev.",
      volume         = "C90",
      year           = "2014",
      OPTnumber         = "2",
      pages          = "024324",
      OPTdoi            = "10.1103/PhysRevC.90.024324",
      eprint         = "1406.0529",
      archivePrefix  = "arXiv",
      primaryClass   = "nucl-th",
      SLACcitation   = "%%CITATION = ARXIV:1406.0529;%%"
}

@article{Bogner:2014tg,
      author         = "Bogner, S. K. and Hergert, H. and Holt, J. D. and
                        Schwenk, A. and Binder, S. and Calci, A. and Langhammer,
                        J. and Roth, R.",
      title          = "{Nonperturbative shell-model interactions from the
                        in-medium similarity renormalization group}",
      journal        = "Phys. Rev. Lett.",
      volume         = "113",
      year           = "2014",
      pages          = "142501",
      OPTdoi            = "10.1103/PhysRevLett.113.142501",
      eprint         = "1402.1407",
      archivePrefix  = "arXiv",
      primaryClass   = "nucl-th",
      SLACcitation   = "%%CITATION = ARXIV:1402.1407;%%"
}

@article{Hergert:2012nb,
      author         = "Hergert, H. and Bogner, S. K. and Binder, S. and Calci,
                        A. and Langhammer, J. and Roth, R. and Schwenk, A.",
      title          = "{In-Medium Similarity Renormalization Group with Chiral
                        Two- Plus Three-Nucleon Interactions}",
      journal        = "Phys. Rev.",
      volume         = "C87",
      year           = "2013",
      OPTnumber         = "3",
      pages          = "034307",
      OPTdoi            = "10.1103/PhysRevC.87.034307",
      eprint         = "1212.1190",
      archivePrefix  = "arXiv",
      primaryClass   = "nucl-th",
      reportOPTnumber   = "INT-PUB-12-062",
      SLACcitation   = "%%CITATION = ARXIV:1212.1190;%%"
}

@article{Bogner:2012zm,
      author         = "Bogner, S. K. and Roscher, D.",
      title          = "{High-momentum tails from low-momentum effective
                        theories}",
      journal        = "Phys. Rev.",
      volume         = "C86",
      year           = "2012",
      pages          = "064304",
      OPTdoi            = "10.1103/PhysRevC.86.064304",
      eprint         = "1208.1734",
      archivePrefix  = "arXiv",
      primaryClass   = "nucl-th",
      SLACcitation   = "%%CITATION = ARXIV:1208.1734;%%"
}

@article{Tsukiyama:2012fk, 
      author         = "Tsukiyama, K. and Bogner, S. K. and Schwenk, A.",
      title          = "{In-Medium Similarity Renormalization Group for
                        Open-Shell Nuclei}",
      journal        = "Phys. Rev.",
      volume         = "C85",
      year           = "2012",
      pages          = "061304",
      OPTdoi            = "10.1103/PhysRevC.85.061304",
      eprint         = "1203.2515",
      archivePrefix  = "arXiv",
      primaryClass   = "nucl-th",
      SLACcitation   = "%%CITATION = ARXIV:1203.2515;%%"
}

@article{Bogner:2011kp,
      author         = "Bogner, S. K. and Furnstahl, R. J. and Hergert, H. and
                        Kortelainen, M. and Maris, P. and Stoitsov, M. and Vary,
                        J. P.",
      title          = "{Testing the density matrix expansion against ab initio
                        calculations of trapped neutron drops}",
      journal        = "Phys. Rev.",
      volume         = "C84",
      year           = "2011",
      pages          = "044306",
      OPTdoi            = "10.1103/PhysRevC.84.044306",
      eprint         = "1106.3557",
      archivePrefix  = "arXiv",
      primaryClass   = "nucl-th",
      SLACcitation   = "%%CITATION = ARXIV:1106.3557;%%"     
}

@article{Bogner:2008kj,
      author         = "Bogner, S. K. and Furnstahl, R. J. and Platter, L.",
      title          = "{Density Matrix Expansion for Low-Momentum Interactions}",
      journal        = "Eur. Phys. J.",
      volume         = "A39",
      year           = "2009",
      pages          = "219",
      OPTdoi            = "10.1140/epja/i2008-10695-1",
      eprint         = "0811.4198",
      archivePrefix  = "arXiv",
      primaryClass   = "nucl-th",
      SLACcitation   = "%%CITATION = ARXIV:0811.4198;%%"
}

@article{Bogner:2008xh,
      author         = "Bogner, S. K. and Furnstahl, R. J. and Schwenk, A.",
      title          = "{Comment on `Problems in the derivations of the
                        renormalization group equation for the low momentum
                        nucleon interactions'}",
      year           = "2008",
      eprint         = "0806.1365",
      archivePrefix  = "arXiv",
      primaryClass   = "nucl-th",
      SLACcitation   = "%%CITATION = ARXIV:0806.1365;%%"
}

@article{Deltuva:2008mv,
      author         = "Deltuva, A. and Fonseca, A. C. and Bogner, S. K.",
      title          = "{Low-momentum interactions in three- and four-nucleon
                        scattering}",
      journal        = "Phys. Rev.",
      volume         = "C77",
      year           = "2008",
      pages          = "024002",
      OPTdoi            = "10.1103/PhysRevC.77.024002",
      eprint         = "0802.1472",
      archivePrefix  = "arXiv",
      primaryClass   = "nucl-th",
      SLACcitation   = "%%CITATION = ARXIV:0802.1472;%%"
}

@article{Anderson:2008mu,
      author         = "Anderson, E. and Bogner, S. K. and Furnstahl, R. J. and
                        Jurgenson, E. D. and Perry, R. J. and Schwenk, A.",
      title          = "{Block Diagonalization using SRG Flow Equations}",
      journal        = "Phys. Rev.",
      volume         = "C77",
      year           = "2008",
      pages          = "037001",
      OPTdoi            = "10.1103/PhysRevC.77.037001",
      eprint         = "0801.1098",
      archivePrefix  = "arXiv",
      primaryClass   = "nucl-th",
      SLACcitation   = "%%CITATION = ARXIV:0801.1098;%%"
}

@article{Jurgenson:2007td,
      author         = "Jurgenson, E. D. and Bogner, S. K. and Furnstahl, R. J.
                        and Perry, R. J.",
      title          = "{Decoupling in the Similarity Renormalization Group for
                        Nucleon-Nucleon Forces}",
      journal        = "Phys. Rev.",
      volume         = "C78",
      year           = "2008",
      pages          = "014003",
      OPTdoi            = "10.1103/PhysRevC.78.014003",
      eprint         = "0711.4252",
      archivePrefix  = "arXiv",
      primaryClass   = "nucl-th",
      SLACcitation   = "%%CITATION = ARXIV:0711.4252;%%"
}

@article{Ramanan:2007bb,
      author         = "Ramanan, S. and Bogner, S. K. and Furnstahl, R. J.",
      title          = "{Weinberg eigenvalues and pairing with low-momentum
                        potentials}",
      journal        = "Nucl. Phys.",
      volume         = "A797",
      year           = "2007",
      pages          = "81",
      OPTdoi            = "10.1016/j.nuclphysa.2007.10.005",
      eprint         = "0709.0534",
      archivePrefix  = "arXiv",
      primaryClass   = "nucl-th",
      SLACcitation   = "%%CITATION = ARXIV:0709.0534;%%"
}

@article{Bogner:2007rx,
      author         = "Bogner, S. K. and Furnstahl, R. J. and Maris, P. and
                        Perry, R. J. and Schwenk, A. and Vary, J. P.",
      title          = "{Convergence in the no-core shell model with low-momentum
                        two-nucleon interactions}",
      journal        = "Nucl. Phys.",
      volume         = "A801",
      year           = "2008",
      pages          = "21",
      OPTdoi            = "10.1016/j.nuclphysa.2007.12.008",
      eprint         = "0708.3754",
      archivePrefix  = "arXiv",
      primaryClass   = "nucl-th",
      SLACcitation   = "%%CITATION = ARXIV:0708.3754;%%"
}

@article{Bogner:2007qb,
      author         = "Bogner, S. K. and Furnstahl, R. J. and Perry, R. J.",
      title          = "{Three-Body Forces Produced by a Similarity
                        Renormalization Group Transformation in a Simple Model}",
      journal        = "Annals Phys.",
      volume         = "323",
      year           = "2008",
      pages          = "1478",
      OPTdoi            = "10.1016/j.aop.2007.09.001",
      eprint         = "0708.1602",
      archivePrefix  = "arXiv",
      primaryClass   = "nucl-th",
      SLACcitation   = "%%CITATION = ARXIV:0708.1602;%%"
}

@article{Bogner:2007jb,
      author         = "Bogner, S. K. and Furnstahl, R. J. and Perry, R. J. and
                        Schwenk, A.",
      title          = "{Are low-energy nuclear observables sensitive to
                        high-energy phase shifts?}",
      journal        = "Phys. Lett.",
      volume         = "B649",
      year           = "2007",
      pages          = "488",
      OPTdoi            = "10.1016/j.physletb.2007.04.048",
      eprint         = "nucl-th/0701013",
      archivePrefix  = "arXiv",
      primaryClass   = "nucl-th",
      SLACcitation   = "%%CITATION = NUCL-TH/0701013;%%"
}

@article{Bogner:2006pc,
      author         = "Bogner, S. K. and Furnstahl, R. J. and Perry, R. J.",
      title          = "{Similarity Renormalization Group for Nucleon-Nucleon
                        Interactions}",
      journal        = "Phys. Rev.",
      volume         = "C75",
      year           = "2007",
      pages          = "061001",
      OPTdoi            = "10.1103/PhysRevC.75.061001",
      eprint         = "nucl-th/0611045",
      archivePrefix  = "arXiv",
      primaryClass   = "nucl-th",
      SLACcitation   = "%%CITATION = NUCL-TH/0611045;%%"
}

@article{Bogner:2006vp,
      author         = "Bogner, S. K. and Furnstahl, R. J. and Ramanan, S. and
                        Schwenk, A.",
      title          = "{Low-momentum interactions with smooth cutoffs}",
      journal        = "Nucl. Phys.",
      volume         = "A784",
      year           = "2007",
      pages          = "79",
      OPTdoi            = "10.1016/j.nuclphysa.2006.11.123",
      eprint         = "nucl-th/0609003",
      archivePrefix  = "arXiv",
      primaryClass   = "nucl-th",
      SLACcitation   = "%%CITATION = NUCL-TH/0609003;%%"
}

@article{Bogner:2006tw,
      author         = "Bogner, S. K. and Furnstahl, R. J. and Ramanan, S. and
                        Schwenk, A.",
      title          = "{Convergence of the Born series with low-momentum
                        interactions}",
      journal        = "Nucl. Phys.",
      volume         = "A773",
      year           = "2006",
      pages          = "203",
      OPTdoi            = "10.1016/j.nuclphysa.2006.05.004",
      eprint         = "nucl-th/0602060",
      archivePrefix  = "arXiv",
      primaryClass   = "nucl-th",
      SLACcitation   = "%%CITATION = NUCL-TH/0602060;%%"
}

@article{Bogner:2006ai,
      author         = "Bogner, S. K. and Furnstahl, R. J.",
      title          = "{Variational calculations using low-momentum potentials
                        with smooth cutoffs}",
      journal        = "Phys. Lett.",
      volume         = "B639",
      year           = "2006",
      pages          = "237",
      OPTdoi            = "10.1016/j.physletb.2006.06.037",
      eprint         = "nucl-th/0602017",
      archivePrefix  = "arXiv",
      primaryClass   = "nucl-th",
      SLACcitation   = "%%CITATION = NUCL-TH/0602017;%%"
}

@article{Bogner:2005fn,
      author         = "Bogner, S. K. and Furnstahl, R. J.",
      title          = "{Variational calculations of nuclei with low-momentum
                        potentials}",
      journal        = "Phys. Lett.",
      volume         = "B632",
      year           = "2006",
      pages          = "501",
      OPTdoi            = "10.1016/j.physletb.2005.10.094",
      eprint         = "nucl-th/0508022",
      archivePrefix  = "arXiv",
      primaryClass   = "nucl-th",
      SLACcitation   = "%%CITATION = NUCL-TH/0508022;%%"
}

@article{Holt:2005nz,
      author         = "Holt, Jason D. and Holt, Jeremy W. and Kuo, T. T. S. and
                        Brown, G. E. and Bogner, S. K.",
      title          = "{Low momentum shell model effective interactions with
                        all-order core polarizations}",
      journal        = "Phys. Rev.",
      volume         = "C72",
      year           = "2005",
      pages          = "041304",
      OPTdoi            = "10.1103/PhysRevC.72.041304",
      eprint         = "nucl-th/0504058",
      archivePrefix  = "arXiv",
      primaryClass   = "nucl-th",
      SLACcitation   = "%%CITATION = NUCL-TH/0504058;%%"
}

@article{Bogner:2005sn,
      author         = "Bogner, S. K. and Schwenk, A. and Furnstahl, R. J. and
                        Nogga, A.",
      title          = "{Is nuclear matter perturbative with low-momentum
                        interactions?}",
      journal        = "Nucl. Phys.",
      volume         = "A763",
      year           = "2005",
      pages          = "59",
      OPTdoi            = "10.1016/j.nuclphysa.2005.08.024",
      eprint         = "nucl-th/0504043",
      archivePrefix  = "arXiv",
      primaryClass   = "nucl-th",
      SLACcitation   = "%%CITATION = NUCL-TH/0504043;%%"
}

@article{Kuo:2005tfa,
      author         = "Kuo, T. T. S. and Holt, Jason D. and Holt, Jeremy W. and
                        Brown, G. E. and Bogner, S. K.",
      title          = "{Kirson-Babu-Brown core polarization diagrams and
                        low-momentum shell model effective interactions}",
      journal        = "J. Phys. Conf. Ser.",
      volume         = "20",
      year           = "2005",
      pages          = "1",
      OPTdoi            = "10.1088/1742-6596/20/1/001",
      SLACcitation   = "%%CITATION = 00462,20,1;%%"
}

@article{Nogga:2004ab,
      author         = "Nogga, Andreas and Bogner, Scott K. and Schwenk, Achim",
      title          = "{Low-momentum interaction in few-nucleon systems}",
      journal        = "Phys. Rev.",
      volume         = "C70",
      year           = "2004",
      pages          = "061002",
      OPTdoi            = "10.1103/PhysRevC.70.061002",
      eprint         = "nucl-th/0405016",
      archivePrefix  = "arXiv",
      primaryClass   = "nucl-th",
      SLACcitation   = "%%CITATION = NUCL-TH/0405016;%%"
}

@article{Holt:2003rj,
      author         = "Holt, Jason D. and Kuo, T. T. S. and Brown, G. E. and
                        Bogner, Scott K.",
      title          = "{Counter terms for low momentum nucleon nucleon
                        interactions}",
      journal        = "Nucl. Phys.",
      volume         = "A733",
      year           = "2004",
      pages          = "153",
      OPTdoi            = "10.1016/j.nuclphysa.2003.12.004",
      eprint         = "nucl-th/0308036",
      archivePrefix  = "arXiv",
      primaryClass   = "nucl-th",
      SLACcitation   = "%%CITATION = NUCL-TH/0308036;%%"
}

@article{Bogner:2003wn,
      author         = "Bogner, S. K. and Kuo, T. T. S. and Schwenk, A.",
      title          = "{Model independent low momentum nucleon interaction from
                        phase shift equivalence}",
      journal        = "Phys. Rep.",
      volume         = "386",
      year           = "2003",
      pages          = "1",
      OPTdoi            = "10.1016/j.physrep.2003.07.001",
      eprint         = "nucl-th/0305035",
      archivePrefix  = "arXiv",
      primaryClass   = "nucl-th",
      SLACcitation   = "%%CITATION = NUCL-TH/0305035;%%"
}

@inproceedings{Kuo:2002sk,
      author         = "Kuo, T. T. S. and Bogner, S. K. and Coraggio, L. and
                        Covello, A. and Gargano, A. and Itaco, N.",
      title          = "{Nuclear interaction in a renormalization group
                        approach}",
      booktitle      = "{Beyond the desert: Accelerator, non-accelerator and
                        space approaches into the next millennium. Proceedings,
                        3rd International Conference on particle physics beyond
                        the standard model, Oulu, Finland, June 2-7, 2002}",
      year           = "2002",
      pages          = "683",
      SLACcitation   = "%%CITATION = INSPIRE-609277;%%"
}

@article{Schwenk:2002fr,
      author         = "Schwenk, A. and Friman, B. and Bogner, S. K. and Brown,
                        G. E. and Kuo, T. T. S.",
      title          = "{The Nucleon interaction and neutron matter from the
                        renormalization group}",
      booktitle      = "{Renormalization group. Proceedings, 5th International
                        Conference, RG 2002, Tatranska Strba, Slovakia, March
                        10-16, 2002}",
      journal        = "Acta Phys. Slov.",
      volume         = "52",
      year           = "2002",
      pages          = "207",
      eprint         = "nucl-th/0207005",
      archivePrefix  = "arXiv",
      primaryClass   = "nucl-th",
      SLACcitation   = "%%CITATION = NUCL-TH/0207005;%%"
}

@journal{Bogner:2001jn,
      author         = "Bogner, S. K. and Schwenk, A. and Kuo, T. T. S. and
                        Brown, G. E.",
      title          = "{Renormalization group equation for low momentum
                        effective nuclear interactions}",
      year           = "2001",
      journal         = "nucl-th/0111042",
      archivePrefix  = "arXiv",
      primaryClass   = "nucl-th",
      SLACcitation   = "%%CITATION = NUCL-TH/0111042;%%"
}

@article{Bogner:2001gq,
      author         = "Bogner, S. K. and Kuo, T. T. S. and Schwenk, A. and
                        Entem, D. R. and Machleidt, R.",
      title          = "{Towards a model independent low momentum nucleon nucleon
                        interaction}",
      journal        = "Phys. Lett.",
      volume         = "B576",
      year           = "2003",
      pages          = "265",
      OPTdoi            = "10.1016/j.physletb.2003.10.012",
      eprint         = "nucl-th/0108041",
      archivePrefix  = "arXiv",
      primaryClass   = "nucl-th",
      SLACcitation   = "%%CITATION = NUCL-TH/0108041;%%"
}

@article{Bogner:2000js,
      author         = "Bogner, S. K. and Kuo, T. T. S.",
      title          = "{Equivalence of model space techniques and the
                        renormalization group for a toy two-body problem}",
      journal        = "Phys. Lett.",
      volume         = "B500",
      year           = "2001",
      pages          = "279",
      OPTdoi            = "10.1016/S0370-2693(01)00074-0",
      eprint         = "nucl-th/0009077",
      archivePrefix  = "arXiv",
      primaryClass   = "nucl-th",
      SLACcitation   = "%%CITATION = NUCL-TH/0009077;%%"
}

