@article{Otsuka:2009cs,
      author         = "Otsuka, Takaharu and Suzuki, Toshio and Holt, Jason D.
                        and Schwenk, Achim and Akaishi, Yoshinori",
      title          = "{Three-body forces and the limit of oxygen isotopes}",
      journal        = "Phys. Rev. Lett.",
      volume         = "105",
      year           = "2010",
      pages          = "032501",
      OPTdoi            = "10.1103/PhysRevLett.105.032501",
      eprint         = "0908.2607",
      archivePrefix  = "arXiv",
      primaryClass   = "nucl-th",
      SLACcitation   = "%%CITATION = ARXIV:0908.2607;%%"
}
@article{Holt:2011fj,
      author         = "Holt, J. D. and Menendez, J. and Schwenk, A.",
      title          = "{Chiral three-nucleon forces and bound excited states in
                        neutron-rich oxygen isotopes}",
      journal        = "Eur. Phys. J.",
      volume         = "A49",
      year           = "2013",
      pages          = "39",
      OPTdoi            = "10.1140/epja/i2013-13039-2",
      eprint         = "1108.2680",
      archivePrefix  = "arXiv",
      primaryClass   = "nucl-th",
      SLACcitation   = "%%CITATION = ARXIV:1108.2680;%%"
}
@article{Holt:2014aya,
      author         = "Holt, J. D. and Menendez, J. and Simonis, J. and Schwenk,
                        A.",
      title          = "{Three-nucleon forces and spectroscopy of neutron-rich
                        calcium isotopes}",
      journal        = "Phys. Rev.",
      volume         = "C90",
      year           = "2014",
      OPTnumber         = "2",
      pages          = "024312",
      OPTdoi            = "10.1103/PhysRevC.90.024312",
      eprint         = "1405.7602",
      archivePrefix  = "arXiv",
      primaryClass   = "nucl-th",
      SLACcitation   = "%%CITATION = ARXIV:1405.7602;%%"
}

@article{Hebeler:2014ema,
      author         = "Hebeler, K. and Schwenk, A.",
      title          = "{Symmetry energy, neutron skin, and neutron star radius
                        from chiral effective field theory interactions}",
      journal        = "Eur. Phys. J.",
      volume         = "A50",
      year           = "2014",
      pages          = "11",
      OPTdoi            = "10.1140/epja/i2014-14011-4",
      eprint         = "1401.5822",
      archivePrefix  = "arXiv",
      primaryClass   = "nucl-th",
      SLACcitation   = "%%CITATION = ARXIV:1401.5822;%%"
     
}

@article{Lattimer:2000kb,
      author         = "Lattimer, James M. and Prakash, Madappa",
      title          = "{Nuclear matter and its role in supernovae, neutron stars
                        and compact object binary mergers}",
      journal        = "Phys. Rep.",
      volume         = "333",
      year           = "2000",
      pages          = "121",
      OPTdoi            = "10.1016/S0370-1573(00)00019-3",
      eprint         = "astro-ph/0002203",
      archivePrefix  = "arXiv",
      primaryClass   = "astro-ph",
      SLACcitation   = "%%CITATION = ASTRO-PH/0002203;%%"
}

@article{Lattimer:2000nx,
      author         = "Lattimer, J. M. and Prakash, M.",
      title          = "{Neutron star structure and the equation of state}",
      journal        = "Astrophys. J.",
      volume         = "550",
      year           = "2001",
      pages          = "426",
      OPTdoi            = "10.1086/319702",
      eprint         = "astro-ph/0002232",
      archivePrefix  = "arXiv",
      primaryClass   = "astro-ph",
      SLACcitation   = "%%CITATION = ASTRO-PH/0002232;%%"
}

@article{Murphy:2009dx,
      author         = "Murphy, Jeremiah W. and Ott, Christian D. and Burrows,
                        Adam",
      title          = "{A Model for Gravitational Wave Emission from
                        Neutrino-Driven Core-Collapse Supernovae}",
      journal        = "Astrophys. J.",
      volume         = "707",
      year           = "2009",
      pages          = "1173",
      OPTdoi            = "10.1088/0004-637X/707/2/1173",
      eprint         = "0907.4762",
      archivePrefix  = "arXiv",
      primaryClass   = "astro-ph.SR",
      SLACcitation   = "%%CITATION = ARXIV:0907.4762;%%"
}

@article{Sumiyoshi:2005ri,
      author         = "Sumiyoshi, Kohsuke and Yamada, S. and Suzuki, H. and
                        Shen, H. and Chiba, S. and Toki, H.",
      title          = "{Postbounce evolution of core-collapse supernovae:
                        Long-term effects of equation of state}",
      journal        = "Astrophys. J.",
      volume         = "629",
      year           = "2005",
      pages          = "922",
      OPTdoi            = "10.1086/431788",
      eprint         = "astro-ph/0506620",
      archivePrefix  = "arXiv",
      primaryClass   = "astro-ph",
      SLACcitation   = "%%CITATION = ASTRO-PH/0506620;%%"
}

@article{Horowitz:2000xj,
      author         = "Horowitz, C. J. and Piekarewicz, J.",
      title          = "{Neutron star structure and the neutron radius of
                        Pb-208}",
      journal        = "Phys. Rev. Lett.",
      volume         = "86",
      year           = "2001",
      pages          = "5647",
      OPTdoi            = "10.1103/PhysRevLett.86.5647",
      eprint         = "astro-ph/0010227",
      archivePrefix  = "arXiv",
      primaryClass   = "astro-ph",
      SLACcitation   = "%%CITATION = ASTRO-PH/0010227;%%"
}


@article{Brown:2000pd,
      author         = "Brown, B. Alex",
      title          = "{Neutron radii in nuclei and the neutron equation of
                        state}",
      journal        = "Phys. Rev. Lett.",
      volume         = "85",
      year           = "2000",
      pages          = "5296",
      OPTdoi            = "10.1103/PhysRevLett.85.5296",
      SLACcitation   = "%%CITATION = PRLTA,85,5296;%%"
}

@article{Shlomo:1993zz,
      author         = "Shlomo, S. and Youngblood, D. H.",
      title          = "{Nuclear matter compressibility from isoscalar giant
                        monopole resonance}",
      journal        = "Phys. Rev.",
      volume         = "C47",
      year           = "1993",
      pages          = "529",
      OPTdoi            = "10.1103/PhysRevC.47.529",
      SLACcitation   = "%%CITATION = PHRVA,C47,529;%%"
}


@article{Abrahamyan:2012gp,
      author         = "Abrahamyan, S. and others",
      title          = "{Measurement of the Neutron Radius of 208Pb Through
                        Parity-Violation in Electron Scattering}",
      journal        = "Phys. Rev. Lett.",
      volume         = "108",
      year           = "2012",
      pages          = "112502",
      OPTdoi            = "10.1103/PhysRevLett.108.112502",
      eprint         = "1201.2568",
      archivePrefix  = "arXiv",
      primaryClass   = "nucl-ex",
      reportOPTnumber   = "JLAB-PHY-12-1480",
      SLACcitation   = "%%CITATION = ARXIV:1201.2568;%%"
}

@article{Reinhard:2013fpa,
      author         = "Reinhard, P. -G. and Piekarewicz, J. and Nazarewicz, W.
                        and Agrawal, B. K. and Paar, N. and Roca-Maza, X.",
      title          = "{Information content of the weak-charge form factor}",
      journal        = "Phys. Rev.",
      volume         = "C88",
      year           = "2013",
      OPTnumber         = "3",
      pages          = "034325",
      OPTdoi            = "10.1103/PhysRevC.88.034325",
      eprint         = "1308.1659",
      archivePrefix  = "arXiv",
      primaryClass   = "nucl-th",
      SLACcitation   = "%%CITATION = ARXIV:1308.1659;%%"
}

@article{Kortelainen:2011ft,
      author         = "Kortelainen, M. and McDonnell, J. and Nazarewicz, W. and
                        Reinhard, P. G. and Sarich, J. and Schunck, N. and
                        Stoitsov, M. V. and Wild, S. M.",
      title          = "{Nuclear energy density optimization: Large
                        deformations}",
      journal        = "Phys. Rev.",
      volume         = "C85",
      year           = "2012",
      pages          = "024304",
      OPTdoi            = "10.1103/PhysRevC.85.024304",
      eprint         = "1111.4344",
      archivePrefix  = "arXiv",
      primaryClass   = "nucl-th",
      SLACcitation   = "%%CITATION = ARXIV:1111.4344;%%"
}


@article{Bertsch:2004us,
      author         = "Bertsch, G. F. and Sabbey, B. and Uusnakki, M.",
      title          = "{Fitting theories of nuclear binding energies}",
      journal        = "Phys. Rev.",
      volume         = "C71",
      year           = "2005",
      pages          = "054311",
      OPTdoi            = "10.1103/PhysRevC.71.054311",
      eprint         = "nucl-th/0412091",
      archivePrefix  = "arXiv",
      primaryClass   = "nucl-th",
      SLACcitation   = "%%CITATION = NUCL-TH/0412091;%%"
}

@article{Balasi:2015dba,
      author         = "Balasi, K. G. and Langanke, K. and Martínez-Pinedo, G.",
      title          = "{Neutrino?nucleus reactions and their role for
                        supernova dynamics and nucleosynthesis}",
      journal        = "Prog. Part. Nucl. Phys.",
      volume         = "85",
      year           = "2015",
      pages          = "33",
      OPTdoi            = "10.1016/j.ppnp.2015.08.001",
      eprint         = "1503.08095",
      archivePrefix  = "arXiv",
      primaryClass   = "nucl-th",
      SLACcitation   = "%%CITATION = ARXIV:1503.08095;%%"
}
@article{Lohs:2015qyn,
      author         = "Lohs, Andreas and Martínez-Pinedo, Gabriel and Fischer,
                        Tobias",
      title          = "{Charged Current Interactions of $\nu_\mu$ and
                        $\overline\nu$$_e$in Supernova}",
      booktitle      = "{Proceedings, 13th International Symposium on Nuclei in
                        the Cosmos (NIC XIII): Debrecen, Hungary, July 7-11,
                        2014}",
      journal        = "PoS",
      volume         = "NICXIII",
      year           = "2015",
      pages          = "118",
      SLACcitation   = "%%CITATION = POSCI,NICXIII,118;%%"
}

@article{Drummond:2008,
  title = {Finite-size errors in continuum quantum Monte Carlo calculations},
  author = {Drummond, N. D. and Needs, R. J. and Sorouri, A. and Foulkes, W. M. C.},
  journal = {Phys. Rev. B},
  volume = {78},
  OPTissue = {12},
  pages = {125106},
  numpages = {19},
  year = {2008},
  OPTmonth = {Sep},
  publisher = {American Physical Society},
  OPTdoi = {10.1103/PhysRevB.78.125106},
  url = {http://link.aps.org/OPTdoi/10.1103/PhysRevB.78.125106}
}

@article{Shepherd:2012,
  title = {Convergence of many-body wave-function expansions using a plane-wave basis: From homogeneous electron gas to solid state systems},
  author = {Shepherd, James J. and Gr\"uneis, Andreas and Booth, George H. and Kresse, Georg and Alavi, Ali},
  journal = {Phys. Rev. B},
  volume = {86},
  OPTissue = {3},
  pages = {035111},
  numpages = {14},
  year = {2012},
  OPTmonth = {Jul},
  publisher = {American Physical Society},
  OPTdoi = {10.1103/PhysRevB.86.035111},
  url = {http://link.aps.org/OPTdoi/10.1103/PhysRevB.86.035111}
}
@article{Roggero:2013ora,
      author         = "Roggero, Alessandro and Mukherjee, Abhishek and Pederiva,
                        Francesco",
      title          = "{Quantum Monte Carlo with Coupled-Cluster wave
                        functions}",
      journal        = "Phys. Rev.",
      volume         = "B88",
      year           = "2013",
      OPTnumber         = "11",
      pages          = "115138",
      OPTdoi            = "10.1103/PhysRevB.88.115138",
      eprint         = "1304.1549",
      archivePrefix  = "arXiv",
      primaryClass   = "nucl-th",
      SLACcitation   = "%%CITATION = ARXIV:1304.1549;%%"
}

@article{Roggero:2014lga,
      author         = "Roggero, Alessandro and Mukherjee, Abhishek and Pederiva,
                        Francesco",
      title          = "{Quantum Monte Carlo calculations of neutron matter with
                        non-local chiral interactions}",
      journal        = "Phys. Rev. Lett.",
      volume         = "112",
      year           = "2014",
      pages          = "221103",
      OPTdoi            = "10.1103/PhysRevLett.112.221103",
      eprint         = "1402.1576",
      archivePrefix  = "arXiv",
      primaryClass   = "nucl-th",
      SLACcitation   = "%%CITATION = ARXIV:1402.1576;%%"
}
