@article{Hagen:2016xjv,
      author         = "Hagen, G. and Jansen, G. R. and Hjorth-Jensen, M. and
                        Papenbrock, T.",
      title          = "{Emergent properties of nuclei from ab initio
                        coupled-cluster calculations}",
      booktitle      = "{Phys. Scr. 91, 063006 (2016)}",
      journal        = "Phys. Scripta",
      volume         = "91",
      year           = "2016",
      pages          = "063006",
      OPTdoi            = "10.1088/0031-8949/91/6/063006",
      eprint         = "1601.08203",
      archivePrefix  = "arXiv",
      primaryClass   = "nucl-th",
      SLACcitation   = "%%CITATION = ARXIV:1601.08203;%%"
}
@article{Ormand:2016vup,
      author         = "Ormand, W. E. and Brown, B. A. and Jensen, M. Hjorth",
      title          = "{First-principles calculations for $c$-coefficients of
                        the isobaric mass multiplet equation in the $1p0f$ shell}",
      year           = "2016",
      journal         = "arXiv:1608.08127",
      archivePrefix  = "arXiv",
      primaryClass   = "nucl-th",
      reportNumber   = "UCRL-JRNL-701385",
      SLACcitation   = "%%CITATION = ARXIV:1608.08127;%%"
}

@article{Tsunoda:2016fjh,
      author         = "Tsunoda, Naofumi and Otsuka, Takaharu and Shimizu,
                        Noritaka and Hjorth-Jensen, Morten and Takayanagi, Kazuo
                        and Suzuki, Toshio",
      title          = "{Exotic neutron-rich medium-mass nuclei with realistic
                        nuclear forces}",
      year           = "2016",
      journal         = "arXiv:1601.06442",
      archivePrefix  = "arXiv",
      primaryClass   = "nucl-th",
      SLACcitation   = "%%CITATION = ARXIV:1601.06442;%%"
}

@article{Hagen:2015yea,
      author         = "Hagen, G. and {\em et al}",
      title          = "{Neutron and weak-charge distributions of the $^{48}$Ca
                        nucleus}",
      journal        = "Nature Phys.",
      volume         = "12",
      year           = "2015",
      pages          = "186",
      OPTdoi            = "10.1038/nphys3529",
      eprint         = "1509.07169",
      archivePrefix  = "arXiv",
      primaryClass   = "nucl-th",
      SLACcitation   = "%%CITATION = ARXIV:1509.07169;%%"
}

@article{Osnes:2015mte,
      author         = "Osnes, Eivind and Engeland, Torgeir and Hjorth-Jensen,
                        Morten",
      title          = "{Large-scale shell-model study of the Sn isotopes}",
      booktitle      = "{Proceedings, 3rd International Conference on New
                        Frontiers in Physics (ICNFP 2014): Kolymbari, Crete,
                        Greece, July 28-August 6, 2014}",
      journal        = "EPJ Web Conf.",
      volume         = "95",
      year           = "2015",
      pages          = "01010",
      OPTdoi            = "10.1051/epjconf/20149501010",
      SLACcitation   = "%%CITATION = 00776,95,01010;%%"
}


%%% contains utf-8, see: http://inspirehep.net/info/faq/general#utf8
%%% add \usepackage[utf8]{inputenc} to your latex preamble

@article{Ekstrom:2015rta,
      author         = "Ekstr{\"o}m, A. and Jansen, G. R. and Wendt, K. A. and
                        Hagen, G. and Papenbrock, T. and Carlsson, B. D. and
                        Forss{\'e}n, C. and Hjorth-Jensen, M. and Navrátil, P. and
                        Nazarewicz, W.",
      title          = "{Accurate nuclear radii and binding energies from a
                        chiral interaction}",
      journal        = "Phys. Rev.",
      volume         = "C91",
      year           = "2015",
      pages          = "051301",
      OPTdoi            = "10.1103/PhysRevC.91.051301",
      eprint         = "1502.04682",
      archivePrefix  = "arXiv",
      primaryClass   = "nucl-th",
      SLACcitation   = "%%CITATION = ARXIV:1502.04682;%%"
}


%%% contains utf-8, see: http://inspirehep.net/info/faq/general#utf8
%%% add \usepackage[utf8]{inputenc} to your latex preamble

@article{Engeland:2014sya,
      author         = "Engeland, Torgeir and Hjorth-Jensen, Morten and
                        Kartamyshev, Maxim and Osnes, Eivind",
      title          = "{The Kuo-Brown effective interaction: From 18 O to the
                        Sn isotopes}",
      booktitle      = "{Proceedings, 45 Years of Nuclear Theory at Stony Brook: 
                        A Tribute to Gerald E. Brown: Stony Brook, NY, USA,
                        November 24-26, 2013}",
      journal        = "Nucl. Phys.",
      volume         = "A928",
      year           = "2014",
      pages          = "51",
      OPTdoi            = "10.1016/j.nuclphysa.2014.03.012",
      SLACcitation   = "%%CITATION = NUPHA,A928,51;%%"
}


%%% contains utf-8, see: http://inspirehep.net/info/faq/general#utf8
%%% add \usepackage[utf8]{inputenc} to your latex preamble

@article{Ekstrom:2014dxa,
      author         = "Ekstr{\"o}m, A. and Carlsson, B. D. and Wendt, K. A. and
                        Forss{\'e}n, C. and Hjorth-Jensen, M. and Machleidt, R. and
                        Wild, S. M.",
      title          = "{Statistical uncertainties of a chiral interaction at
                        next-to-next-to leading order}",
      journal        = "J. Phys.",
      volume         = "G42",
      year           = "2015",
      pages          = "034003",
      OPTdoi            = "10.1088/0954-3899/42/3/034003",
      eprint         = "1406.6895",
      archivePrefix  = "arXiv",
      primaryClass   = "nucl-th",
      SLACcitation   = "%%CITATION = ARXIV:1406.6895;%%"
}

@article{Vajta:2014wbx,
      author         = "Vajta, Zs. and others",
      title          = "{Excited states in the neutron-rich nucleus $^{25}$F}",
      journal        = "Phys. Rev.",
      volume         = "C89",
      year           = "2014",
      pages          = "054323",
      OPTdoi            = "10.1103/PhysRevC.89.054323",
      eprint         = "1404.6109",
      archivePrefix  = "arXiv",
      primaryClass   = "nucl-ex",
      SLACcitation   = "%%CITATION = ARXIV:1404.6109;%%"
}

@article{Sanetullaev:2014uya,
      author         = "Sanetullaev, A. and others",
      title          = "{Neutron spectroscopic factors of $^{55}Ni$ hole-states
                        from (p,d) transfer reactions}",
      journal        = "Phys. Lett.",
      volume         = "B736",
      year           = "2014",
      pages          = "137",
      OPTdoi            = "10.1016/j.physletb.2014.07.003",
      eprint         = "1401.7961",
      archivePrefix  = "arXiv",
      primaryClass   = "nucl-ex",
      SLACcitation   = "%%CITATION = ARXIV:1401.7961;%%"
}

@article{Balantekin:2014opa,
      author         = "Balantekin, A. B. and others",
      title          = "{Nuclear Theory and Science of the Facility for Rare
                        Isotope Beams}",
      journal        = "Mod. Phys. Lett.",
      volume         = "A29",
      year           = "2014",
      pages          = "1430010",
      OPTdoi            = "10.1142/S0217732314300109",
      eprint         = "1401.6435",
      archivePrefix  = "arXiv",
      primaryClass   = "nucl-th",
      SLACcitation   = "%%CITATION = ARXIV:1401.6435;%%"
}

@article{Hagen:2013nca,
      author         = "Hagen, G. and Papenbrock, T. and Hjorth-Jensen, M. and
                        Dean, D. J.",
      title          = "{Coupled-cluster computations of atomic nuclei}",
      journal        = "Rept. Prog. Phys.",
      volume         = "77",
      year           = "2014",
      pages          = "096302",
      OPTdoi            = "10.1088/0034-4885/77/9/096302",
      eprint         = "1312.7872",
      archivePrefix  = "arXiv",
      primaryClass   = "nucl-th",
      SLACcitation   = "%%CITATION = ARXIV:1312.7872;%%"
}


%%% contains utf-8, see: http://inspirehep.net/info/faq/general#utf8
%%% add \usepackage[utf8]{inputenc} to your latex preamble

@article{Hagen:2013yba,
      author         = "Hagen, G. and Papenbrock, T. and Ekstr{\"o}m, A. and Wendt,
                        K. A. and Baardsen, G. and Gandolfi, S. and Hjorth-Jensen,
                        M. and Horowitz, C. J.",
      title          = "{Coupled-cluster calculations of nucleonic matter}",
      journal        = "Phys. Rev.",
      volume         = "C89",
      year           = "2014",
      pages          = "014319",
      OPTdoi            = "10.1103/PhysRevC.89.014319",
      eprint         = "1311.2925",
      archivePrefix  = "arXiv",
      primaryClass   = "nucl-th",
      SLACcitation   = "%%CITATION = ARXIV:1311.2925;%%"
}

@article{Tsunoda:2013bla,
      author         = "Tsunoda, Naofumi and Takayanagi, Kazuo and Hjorth-Jensen,
                        Morten and Otsuka, Takaharu",
      title          = "{Multi-shell effective interactions}",
      journal        = "Phys. Rev.",
      volume         = "C89",
      year           = "2014",
      pages          = "024313",
      OPTdoi            = "10.1103/PhysRevC.89.024313",
      eprint         = "1310.7107",
      archivePrefix  = "arXiv",
      primaryClass   = "nucl-th",
      SLACcitation   = "%%CITATION = ARXIV:1310.7107;%%"
}

@article{Bader:2013npa,
      author         = "Bader, V. M. and others",
      title          = "{Quadrupole collectivity in neutron-deficient Sn nuclei:
                        $^{104}Sn$ and the role of proton excitations}",
      journal        = "Phys. Rev.",
      volume         = "C88",
      year           = "2013",
      pages          = "051301",
      OPTdoi            = "10.1103/PhysRevC.88.051301",
      eprint         = "1310.5987",
      archivePrefix  = "arXiv",
      primaryClass   = "nucl-ex",
      SLACcitation   = "%%CITATION = ARXIV:1310.5987;%%"
}


%%% contains utf-8, see: http://inspirehep.net/info/faq/general#utf8
%%% add \usepackage[utf8]{inputenc} to your latex preamble

@article{Baardsen:2013vwa,
      author         = "Baardsen, G. and Ekstr{\"o}m, A. and Hagen, G. and
                        Hjorth-Jensen, M.",
      title          = "{Coupled-cluster studies of infinite nuclear matter}",
      journal        = "Phys. Rev.",
      volume         = "C88",
      year           = "2013",
      pages          = "054312",
      OPTdoi            = "10.1103/PhysRevC.88.054312",
      eprint         = "1306.5681",
      archivePrefix  = "arXiv",
      primaryClass   = "nucl-th",
      SLACcitation   = "%%CITATION = ARXIV:1306.5681;%%"
}


%%% contains utf-8, see: http://inspirehep.net/info/faq/general#utf8
%%% add \usepackage[utf8]{inputenc} to your latex preamble

@article{Ekstrom:2013kea,
      author         = "Ekstr{\"o}m, A. and others",
      title          = "{Optimized Chiral Nucleon-Nucleon Interaction at
                        Next-to-Next-to-Leading Order}",
      journal        = "Phys. Rev. Lett.",
      volume         = "110",
      year           = "2013",
      pages          = "192502",
      OPTdoi            = "10.1103/PhysRevLett.110.192502",
      eprint         = "1303.4674",
      archivePrefix  = "arXiv",
      primaryClass   = "nucl-th",
      SLACcitation   = "%%CITATION = ARXIV:1303.4674;%%"
}

@article{Lepailleur:2013bw,
      author         = "Lepailleur, A. and others",
      title          = "{Spectroscopy of $^{26}$F to probe proton-neutron forces
                        close to the drip line}",
      journal        = "Phys. Rev. Lett.",
      volume         = "110",
      year           = "2013",
      pages          = "082502",
      OPTdoi            = "10.1103/PhysRevLett.110.082502",
      eprint         = "1301.5803",
      archivePrefix  = "arXiv",
      primaryClass   = "nucl-ex",
      reportNumber   = "GANIL-P-2013-01",
      SLACcitation   = "%%CITATION = ARXIV:1301.5803;%%"
}

@article{Liddick:2013vv,
      author         = "Liddick, S. N. and others",
      title          = "{Low-energy level schemes of $^{66,68}$Fe and inferred
                        proton and neutron excitations across Z = 28 and N = 40}",
      journal        = "Phys. Rev.",
      volume         = "C87",
      year           = "2013",
      pages          = "014325",
      OPTdoi            = "10.1103/PhysRevC.87.014325",
      SLACcitation   = "%%CITATION = PHRVA,C87,014325;%%"
}

@article{DiJulio:2013gq,
      author         = "DiJulio, D. D. and others",
      title          = "{Coulomb excitation of $^{107}$In}",
      journal        = "Phys. Rev.",
      volume         = "C87",
      year           = "2013",
      pages          = "017301",
      OPTdoi            = "10.1103/PhysRevC.87.017301",
      SLACcitation   = "%%CITATION = PHRVA,C87,017301;%%"
}

@article{Forssen:2012yn,
      author         = "Forssen, C. and Hagen, G. and Hjorth-Jensen, M. and
                        Nazarewicz, W. and Rotureau, J.",
      title          = "{Living on the edge of stability, the limits of the
                        nuclear landscape}",
      journal        = "Phys. Scripta",
      volume         = "T152",
      year           = "2013",
      pages          = "014022",
      OPTdoi            = "10.1088/0031-8949/2013/T152/014022",
      eprint         = "1212.6364",
      archivePrefix  = "arXiv",
      primaryClass   = "nucl-th",
      SLACcitation   = "%%CITATION = ARXIV:1212.6364;%%"
}

@article{DiJulio:2012fw,
      author         = "DiJulio, D. D. and Cederkall, J. and Ekstr{\"o}m, A. and
                        Fahlander, C. and Hjorth-Jensen, M.",
      title          = "{Shell model based Coulomb excitation gamma-ray intensity
                        calculations in Sn-107}",
      booktitle      = "{Proceedings, 12th Nordic Conference on Nuclear Physics
                        (NCNP 2011): Stockholm, Sweden, June 13-17, 2011}",
      journal        = "Phys. Scripta",
      volume         = "T150",
      year           = "2012",
      pages          = "014012",
      OPTdoi            = "10.1088/0031-8949/2012/T150/014012",
      SLACcitation   = "%%CITATION = PHSTB,T150,014012;%%"
}

@article{DiJulio:2012js,
      author         = "DiJulio, D. D. and Cederkall, J. and Ekstr{\"o}m, A. and
                        Fahlander, C. and Hjorth-Jensen, M.",
      title          = "{Sub-barrier Coulomb excitation of Sn-107}",
      booktitle      = "{Proceedings, Rutherford Centennial Conference on Nuclear
                        Physics: Manchester, UK, August 8-12,2011}",
      collaboration  = "IS459",
      journal        = "J. Phys. Conf. Ser.",
      volume         = "381",
      year           = "2012",
      pages          = "012073",
      OPTdoi            = "10.1088/1742-6596/381/1/012073",
      SLACcitation   = "%%CITATION = 00462,381,012073;%%"
}

@article{DiJulio:2012gk,
      author         = "DiJulio, D. D. and others",
      title          = "{Excitation strengths in Sn-109: Single-neutron and
                        collective excitations near Sn-100}",
      journal        = "Phys. Rev.",
      volume         = "C86",
      year           = "2012",
      pages          = "031302",
      OPTdoi            = "10.1103/PhysRevC.86.031302",
      SLACcitation   = "%%CITATION = PHRVA,C86,031302;%%"
}

@article{Hagen:2012fb,
      author         = "Hagen, G. and Hjorth-Jensen, M. and Jansen, G. R. and
                        Machleidt, R. and Papenbrock, T.",
      title          = "{Evolution of shell structure in neutron-rich calcium
                        isotopes}",
      journal        = "Phys. Rev. Lett.",
      volume         = "109",
      year           = "2012",
      pages          = "032502",
      OPTdoi            = "10.1103/PhysRevLett.109.032502",
      eprint         = "1204.3612",
      archivePrefix  = "arXiv",
      primaryClass   = "nucl-th",
      SLACcitation   = "%%CITATION = ARXIV:1204.3612;%%"
}
@article{Hagen:2012sh,
      author         = "Hagen, G. and Hjorth-Jensen, M. and Jansen, G. R. and
                        Machleidt, R. and Papenbrock, T.",
      title          = "{Continuum effects and three-nucleon forces in
                        neutron-rich oxygen isotopes}",
      journal        = "Phys. Rev. Lett.",
      volume         = "108",
      year           = "2012",
      pages          = "242501",
      OPTdoi            = "10.1103/PhysRevLett.108.242501",
      eprint         = "1202.2839",
      archivePrefix  = "arXiv",
      primaryClass   = "nucl-th",
      SLACcitation   = "%%CITATION = ARXIV:1202.2839;%%"
}

@article{Torres:2012zz,
      author         = "Torres, D. A. and others",
      title          = "{Measurement of the Ru-96 g (41+) factor and its nuclear
                        structure interpretation}",
      journal        = "Phys. Rev.",
      volume         = "C85",
      year           = "2012",
      pages          = "017305",
      OPTdoi            = "10.1103/PhysRevC.85.017305",
      SLACcitation   = "%%CITATION = PHRVA,C85,017305;%%"
}

@article{Torres:2011zz,
      author         = "Torres, D. A. and others",
      title          = "{First g-factor measurements of the 21+ and the 41+
                        states of radioactive Pd-100}",
      journal        = "Phys. Rev.",
      volume         = "C84",
      year           = "2011",
      pages          = "044327",
      OPTdoi            = "10.1103/PhysRevC.84.044327",
      SLACcitation   = "%%CITATION = PHRVA,C84,044327;%%"
}

@article{Tsunoda:2011gh,
      author         = "Tsunoda, Naofumi and Otsuka, Takaharu and Tsukiyama,
                        Koshiroh and Hjorth-Jensen, Morten",
      title          = "{Renormalization persistency of tensor force in nuclei}",
      journal        = "Phys. Rev.",
      volume         = "C84",
      year           = "2011",
      pages          = "044322",
      OPTdoi            = "10.1103/PhysRevC.84.059901, 10.1103/PhysRevC.84.044322",
      eprint         = "1108.4147",
      archivePrefix  = "arXiv",
      primaryClass   = "nucl-th",
      SLACcitation   = "%%CITATION = ARXIV:1108.4147;%%"
}

@article{Jensen:2011mv,
      author         = "Jensen, O. and Hagen, G. and Hjorth-Jensen, M. and Brown,
                        B. Alex and Gade, A.",
      title          = "{Quenching of spectroscopic factors for proton removal in
                        oxygen isotopes}",
      journal        = "Phys. Rev. Lett.",
      volume         = "107",
      year           = "2011",
      pages          = "032501",
      OPTdoi            = "10.1103/PhysRevLett.107.032501",
      eprint         = "1104.1552",
      archivePrefix  = "arXiv",
      primaryClass   = "nucl-th",
      SLACcitation   = "%%CITATION = ARXIV:1104.1552;%%"
}

@article{Jansen:2011gb,
      author         = "Jansen, G. R. and Hjorth-Jensen, M. and Hagen, G. and
                        Papenbrock, T.",
      title          = "{Toward open-shell nuclei with coupled-cluster theory}",
      journal        = "Phys. Rev.",
      volume         = "C83",
      year           = "2011",
      pages          = "054306",
      OPTdoi            = "10.1103/PhysRevC.83.054306",
      eprint         = "1102.1293",
      archivePrefix  = "arXiv",
      primaryClass   = "nucl-th",
      SLACcitation   = "%%CITATION = ARXIV:1102.1293;%%"
}
@article{Jensen:2010bd,
      author         = "Jensen, O. and Hagen, G. and Hjorth-Jensen, M. and
                        Vaagen, J. S.",
      title          = "{Closed-shell properties of $^{24}$O with {\em ab initio}
                        coupled-cluster theory}",
      journal        = "Phys. Rev.",
      volume         = "C83",
      year           = "2011",
      pages          = "021305",
      OPTdoi            = "10.1103/PhysRevC.83.021305",
      eprint         = "1012.5678",
      archivePrefix  = "arXiv",
      primaryClass   = "nucl-th",
      SLACcitation   = "%%CITATION = ARXIV:1012.5678;%%"
}


@article{Bergli:2010tz,
      author         = "Bergli, Elise and Hjorth-Jensen, Morten",
      title          = "{Summation of Parquet diagrams as an ab initio method in
                        nuclear structure calculations}",
      journal        = "Annals Phys.",
      volume         = "326",
      year           = "2011",
      pages          = "1125",
      OPTdoi            = "10.1016/j.aop.2010.09.015",
      eprint         = "1004.1635",
      archivePrefix  = "arXiv",
      primaryClass   = "nucl-th",
      SLACcitation   = "%%CITATION = ARXIV:1004.1635;%%"
}
@article{Lohne:2010aw,
      author         = "Lohne, M. Pedersen and Hagen, G. and Hjorth-Jensen, M.
                        and Kvaal, S. and Pederiva, F.",
      title          = "{Ab initio computation of circular quantum dots}",
      journal        = "Phys. Rev.",
      volume         = "B84",
      year           = "2011",
      pages          = "115302",
      OPTdoi            = "10.1103/PhysRevB.84.115302",
      eprint         = "1009.4833",
      archivePrefix  = "arXiv",
      primaryClass   = "cond-mat.mes-hall",
      SLACcitation   = "%%CITATION = ARXIV:1009.4833;%%"
}
@article{Signoracci:2010bz,
      author         = "Signoracci, Angelo and Brown, B. Alex and Hjorth-Jensen,
                        Morten",
      title          = "{Renormalized interactions with a realistic single
                        particle basis}",
      journal        = "Phys. Rev.",
      volume         = "C83",
      year           = "2011",
      pages          = "024315",
      OPTdoi            = "10.1103/PhysRevC.83.024315",
      eprint         = "1009.4916",
      archivePrefix  = "arXiv",
      primaryClass   = "nucl-th",
      SLACcitation   = "%%CITATION = ARXIV:1009.4916;%%"
}
@article{Brown:2010ce,
      author         = "Brown, B. Alex and Signoracci, Angelo and Hjorth-Jensen,
                        Morten",
      title          = "{Configuration Interactions Constrained by Energy Density
                        Functionals}",
      journal        = "Phys. Lett.",
      volume         = "B695",
      year           = "2011",
      pages          = "507",
      OPTdoi            = "10.1016/j.physletb.2010.11.062",
      eprint         = "1009.4925",
      archivePrefix  = "arXiv",
      primaryClass   = "nucl-th",
      SLACcitation   = "%%CITATION = ARXIV:1009.4925;%%"
}

@article{Dean:2002bx,
      author         = "Dean, D. J. and Hjorth-Jensen, M.",
      title          = "{Toward coupled cluster implementations in nuclear
                        structure}",
      booktitle      = "{Frontiers of nuclear structure. Proceedings, Conference,
                        Berkeley, USA, July 29-August 2, 2002}",
      journal        = "AIP Conf. Proc.",
      volume         = "656",
      year           = "2003",
      pages          = "197",
      OPTdoi            = "10.1063/1.1556642",
      SLACcitation   = "%%CITATION = NUCL-TH/0208053;%%"
}
@article{Dean:2003vc,
      author         = "Dean, D. J. and Hjorth-Jensen, M.",
      title          = "{Coupled cluster approach to nuclear physics}",
      journal        = "Phys. Rev.",
      volume         = "C69",
      year           = "2004",
      pages          = "054320",
      OPTdoi            = "10.1103/PhysRevC.69.054320",
      eprint         = "nucl-th/0308088",
      archivePrefix  = "arXiv",
      primaryClass   = "nucl-th",
      SLACcitation   = "%%CITATION = NUCL-TH/0308088;%%"
}
